% This file was created with JabRef 2.3.1.
% Encoding: UTF-8

@book{Winston:1994,
	title={Operations Research: Applications and Algorithms},
  	author={Winston, W.L.},
  	year={1994},
	publisher={International Thomson Pub.}
}


@book{HillierLiebermann:1991,
	title={Introducci{\'o}n a la investigaci{\'o}n de operaciones},
	author={Hillier, F.S. and Lieberman, G.J. and Osuna, M.G.},
  	year={1991},
	publisher={McGraw-Hill}
}

@book{Rardin:1998,
	title={Optimization in operations research},
	author={Rardin, R.L.},
	year={1998},
	publisher={Prentice Hall}
}

@book{Taha:1998,
	title={Investigaci{\'o}n de Operaciones},
	author={Taha, H.A. and Pozo, V.G.},
	year={2004},
	publisher={Pearson Educaci{\'o}n}
}

@book{AndersonSweeneyWilliams:1999,
	title={An Introduction to Management Science: Quantitative Approaches to Decision Making},
	author={David R. Anderson, Dennis J. Swenney, Thomas A. Williams \& J. Loucks},
	year={1999},
	publisher={West Publishing Company}
}
